<?xml version="1.0" encoding="UTF-8"?><collection xmlns="http://www.loc.gov/MARC21/slim"><record><leader>00330nam--2200133-i-4500</leader><controlfield tag="001">000025985</controlfield><controlfield tag="002">20161230</controlfield><controlfield tag="005">20161230201036</controlfield><controlfield tag="008">060222s1000------------r-----000-0-eng-d</controlfield><datafield ind1=" " ind2=" " tag="080"><subfield code="a">541.1:547.29</subfield></datafield><datafield ind1=" " ind2=" " tag="100"><subfield code="a">Jones, J. R</subfield></datafield><datafield ind1=" " ind2=" " tag="245"><subfield code="a">The ionisation of carbon acids</subfield></datafield><datafield ind1=" " ind2=" " tag="260"><subfield code="a">London, Academic Press, 1973. Vii+236p</subfield></datafield><datafield ind1=" " ind2=" " tag="852"><subfield code="a">43072</subfield></datafield></record></collection>